<?xml version="1.0" encoding="UTF-8"?><collection xmlns="http://www.loc.gov/MARC21/slim"><record><leader>00571nam--2200169-i-4500</leader><controlfield tag="001">000017193</controlfield><controlfield tag="002">20161230</controlfield><controlfield tag="005">20161230201032</controlfield><controlfield tag="008">060222s1000------------r-----000-0-eng-d</controlfield><datafield ind1=" " ind2=" " tag="040"><subfield code="a">IFIN-HH</subfield></datafield><datafield ind1=" " ind2=" " tag="080"><subfield code="a">539.171.112(061.3)</subfield></datafield><datafield ind1="1" ind2=" " tag="100"><subfield code="a">Hawthorne, Jane F</subfield></datafield><datafield ind1="1" ind2="0" tag="245"><subfield code="a">Lepton-hadron scattering</subfield><subfield code="b">Proceedings of the ninteenth slac summer institute on particle physics august 5-16, 1991 slac - report - 398</subfield><subfield code="c">Jane f. hawthorne (ed.)</subfield></datafield><datafield ind1=" " ind2=" " tag="260"><subfield code="a">Stanford, California</subfield><subfield code="b">Stanford University</subfield><subfield code="c">1991</subfield></datafield><datafield ind1=" " ind2=" " tag="300"><subfield code="a">561P</subfield></datafield><datafield ind1=" " ind2=" " tag="852"><subfield code="a">79998</subfield><subfield code="c">539.12</subfield></datafield><datafield ind1=" " ind2=" " tag="CAT"><subfield code="a">Sys</subfield><subfield code="c">20120201</subfield><subfield code="h">165823</subfield></datafield></record></collection>